<mx:record xmlns="http://www.w3.org/TR/xhtml1/strict" xmlns:mx="http://www.loc.gov/MARC21/slim" xmlns:xsi="http://www.w3.org/2001/XMLSchema-instance"><mx:leader>00000cz   2200000n  4500</mx:leader><mx:controlfield tag="001">oca01067650 </mx:controlfield><mx:controlfield tag="005">20070412051837.0</mx:controlfield><mx:controlfield tag="008">840109n| acannaabn          |a aaa      </mx:controlfield><mx:datafield ind1=" " ind2=" " tag="010"><mx:subfield code="a">n  83174295</mx:subfield></mx:datafield><mx:datafield ind1=" " ind2=" " tag="040"><mx:subfield code="a">DLC</mx:subfield><mx:subfield code="b">eng</mx:subfield><mx:subfield code="c">DLC</mx:subfield><mx:subfield code="d">DLC</mx:subfield><mx:subfield code="d">ICU</mx:subfield></mx:datafield><mx:datafield ind1="0" ind2=" " tag="100"><mx:subfield code="a">Gregory</mx:subfield><mx:subfield code="b">II,</mx:subfield><mx:subfield code="c">of Cyprus, Patriarch of Constantinople,</mx:subfield><mx:subfield code="d">1241-1290</mx:subfield></mx:datafield><mx:datafield ind1="0" ind2=" " tag="400"><mx:subfield code="w">nnaa</mx:subfield><mx:subfield code="a">Grēgorios</mx:subfield><mx:subfield code="b">II,</mx:subfield><mx:subfield code="c">Patriarch of Constantinople,</mx:subfield><mx:subfield code="d">1241-1290</mx:subfield></mx:datafield><mx:datafield ind1="0" ind2=" " tag="400"><mx:subfield code="a">Grēgorios</mx:subfield><mx:subfield code="b">II,</mx:subfield><mx:subfield code="c">of Cyprus, Patriarch of Constantinople,</mx:subfield><mx:subfield code="d">1241-1290</mx:subfield></mx:datafield><mx:datafield ind1="0" ind2=" " tag="400"><mx:subfield code="a">George,</mx:subfield><mx:subfield code="c">of Cyprus, Patriarch of Constantinople,</mx:subfield><mx:subfield code="d">1241-1290</mx:subfield></mx:datafield><mx:datafield ind1="0" ind2=" " tag="400"><mx:subfield code="a">Gregory</mx:subfield><mx:subfield code="b">II,</mx:subfield><mx:subfield code="c">Cyprius, Patriarch of Constantinople,</mx:subfield><mx:subfield code="d">1241-1290</mx:subfield></mx:datafield><mx:datafield ind1="0" ind2=" " tag="400"><mx:subfield code="a">Gregor,</mx:subfield><mx:subfield code="c">von Zypern, Patriarch of Constantinople,</mx:subfield><mx:subfield code="d">1241-1290</mx:subfield></mx:datafield><mx:datafield ind1="0" ind2=" " tag="400"><mx:subfield code="a">Georges,</mx:subfield><mx:subfield code="c">de Chypre, Patriarch of Constantinople,</mx:subfield><mx:subfield code="d">1241-1290</mx:subfield></mx:datafield><mx:datafield ind1="0" ind2=" " tag="400"><mx:subfield code="a">Grégoire</mx:subfield><mx:subfield code="b">II,</mx:subfield><mx:subfield code="c">de Chypre, Patriarch of Constantinople,</mx:subfield><mx:subfield code="d">1241-1290</mx:subfield></mx:datafield><mx:datafield ind1="0" ind2=" " tag="400"><mx:subfield code="a">Gregorio,</mx:subfield><mx:subfield code="c">de Chipre, Patriarch of Constantinople,</mx:subfield><mx:subfield code="d">1241-1290</mx:subfield></mx:datafield><mx:datafield ind1="0" ind2=" " tag="400"><mx:subfield code="a">Georg-Gregor,</mx:subfield><mx:subfield code="c">von Zypern, Patriarch of Constantinople,</mx:subfield><mx:subfield code="d">1241-1290</mx:subfield></mx:datafield><mx:datafield ind1="0" ind2=" " tag="400"><mx:subfield code="a">Gregorios</mx:subfield><mx:subfield code="b">II,</mx:subfield><mx:subfield code="c">Kyprios, Patriarch of Constantinople,</mx:subfield><mx:subfield code="d">1241-1290</mx:subfield></mx:datafield><mx:datafield ind1="0" ind2=" " tag="400"><mx:subfield code="a">Georg,</mx:subfield><mx:subfield code="c">von Zypern, Patriarch of Constantinople,</mx:subfield><mx:subfield code="d">1241-1290</mx:subfield></mx:datafield><mx:datafield ind1="0" ind2=" " tag="400"><mx:subfield code="a">Gregor</mx:subfield><mx:subfield code="b">II,</mx:subfield><mx:subfield code="c">Patriarch of Constantinople,</mx:subfield><mx:subfield code="d">1241-1290</mx:subfield></mx:datafield><mx:datafield ind1="0" ind2=" " tag="400"><mx:subfield code="a">Gregorius</mx:subfield><mx:subfield code="b">II,</mx:subfield><mx:subfield code="c">Patriarch of Constantinople,</mx:subfield><mx:subfield code="d">1241-1290</mx:subfield></mx:datafield><mx:datafield ind1=" " ind2=" " tag="670"><mx:subfield code="a">Papadakis, A. Crisis in Byzantium, 1983:</mx:subfield><mx:subfield code="b">t.p. (Gregory II of Cyprus) p. 1, etc. (b. 1241, d. 1290; patr. of Constantinople from 1283-1289) p. 188 (George of Cyprus)</mx:subfield></mx:datafield><mx:datafield ind1=" " ind2=" " tag="670"><mx:subfield code="a">LC manual cat.</mx:subfield><mx:subfield code="b">(hdg.: Grēgorios II, Patriarch of Constantinople, 1241-1290)</mx:subfield></mx:datafield><mx:datafield ind1=" " ind2=" " tag="670"><mx:subfield code="a">Encyc. dic. of rel., 1979:</mx:subfield><mx:subfield code="b">p. 1566 (Gregory II, Cyprius, Patriarch of Constantinople)</mx:subfield></mx:datafield><mx:datafield ind1=" " ind2=" " tag="670"><mx:subfield code="a">New Catholic encyc., 1981:</mx:subfield><mx:subfield code="b">v. 6, p. 789 (Gregory II Cyprius, Patriarch of Constantinople; baptized George)</mx:subfield></mx:datafield><mx:datafield ind1=" " ind2=" " tag="670"><mx:subfield code="a">Die handschriftliche Überlieferung der rhetorischen und hagiographischen Werke des Gregor von Zypern, 1998:</mx:subfield><mx:subfield code="b">t.p. (Gregor von Zypern) p. xi (George of Cyprus) p. xvi (Gregory II of Cyprus; Georges de Chypre (Grégoire II), Patriarche de Constantinople (1283-1289); patriarca Gregorio de Chipre (ca. 1240-1290)) p. 1 (Georg-Gregor von Zypern (Gregorios II. Kyprios); Georg von Zypern, later known as: Gregorios II. Kyprios, Patriarch von Konstantinopel; b. ca. 1241 on Cyprus) p. 2 (as Gregor II. elected patriarch of Constantinople) p. 4 (d. 1289)</mx:subfield></mx:datafield><mx:datafield ind1=" " ind2=" " tag="670"><mx:subfield code="a">Das Leben und die Briefe des Patriarchen von Constantinopel, Gregorius aus Cypern ... 1816.</mx:subfield></mx:datafield></mx:record>